@Article{ali,
  author  = {Alizadehsani, Roohallah and Habibi, Jafar and Hosseini, Mohammad Javad and Boghrati, Reihane and Ghandeharioun, Asma and Bahadorian, Behdad and Sani, Zahra Alizadeh},
  title   = {Diagnosis of coronary artery disease using data mining techniques based on symptoms and ecg features},
  journal = {European Journal of Scientific Research},
  year    = {2012},
  volume  = {82},
  number  = {4},
  pages   = {542--553},
}

@article{GENUER20102225,
title = "Variable selection using random forests",
journal = "Pattern Recognition Letters",
volume = "31",
number = "14",
pages = "2225 - 2236",
year = "2010",
issn = "0167-8655",
doi = "https://doi.org/10.1016/j.patrec.2010.03.014",
url = "http://www.sciencedirect.com/science/article/pii/S0167865510000954",
author = "Robin Genuer and Jean-Michel Poggi and Christine Tuleau-Malot",
}

@InProceedings{agrawal1993mining,
  author       = {Agrawal, Rakesh and Imieli{\'n}ski, Tomasz and Swami, Arun},
  title        = {Mining association rules between sets of items in large databases},
  booktitle    = {Acm sigmod record},
  year         = {1993},
  volume       = {22},
  pages        = {207--216},
  publisher = {ACM},
}

@article{smith2011aha,
  title={AHA/ACCF secondary prevention and risk reduction therapy for patients with coronary and other atherosclerotic vascular disease: 2011 update},
  author={Smith, Sidney C and Benjamin, Emelia J and Bonow, Robert O and Braun, Lynne T and Creager, Mark A and Franklin, Barry A and Gibbons, Raymond J and Grundy, Scott M and Hiratzka, Loren F and Jones, Daniel W and others},
  journal={Circulation},
  pages={CIR--0b013e318235eb4d},
  year={2011},
  publisher={Am Heart Assoc}
}

@article{burges1998tutorial,
  title={A tutorial on support vector machines for pattern recognition},
  author={Burges, Christopher JC},
  journal={Data mining and knowledge discovery},
  volume={2},
  number={2},
  pages={121--167},
  year={1998},
  publisher={Springer}
}

@inproceedings{caruana2006empirical,
  title={An empirical comparison of supervised learning algorithms},
  author={Caruana, Rich and Niculescu-Mizil, Alexandru},
  booktitle={Proceedings of the 23rd international conference on Machine learning},
  pages={161--168},
  year={2006},
  organization={ACM}
}

@article{chu2009bayesian,
  title={A Bayesian expert system for clinical detecting coronary artery disease},
  author={Chu, Chi-Ming and Chien, Wu-Chien and Lai, Ching-Huang and Bludau, Hans Bernd and Tschai, Huei-Jane and Pai, Lu and Hsieh, Shih-Ming and Chu, Nian Fong and Klar, Angus and Haux, Reinhold and others},
  journal={J Med Sci},
  volume={29},
  number={4},
  pages={187--194},
  year={2009}
}


@article{valentinuzzi2013cardiac,
  title={Cardiac Risk Assessment: When and Who?[Retrospectroscope]},
  author={Valentinuzzi, Max E and Arini, Pedro D and Laciar, Eric and Bonomini, Maria P and Correa, Raul O},
  journal={IEEE pulse},
  volume={4},
  number={4},
  pages={38--48},
  year={2013},
  publisher={IEEE}
}

@article{dietterich2000ensemble,
  title={Ensemble methods in machine learning},
  author={Dietterich, Thomas G and others},
  journal={Multiple classifier systems},
  volume={1857},
  pages={1--15},
  year={2000},
  publisher={Springer}
}

@article{kavitha2010modeling,
  title={Modeling and design of evolutionary neural network for heart disease detection},
  author={Kavitha, KS and Ramakrishnan, KV and Singh, Manoj Kumar},
  journal={IJCSI International Journal of computer science Issues},
  volume={7},
  number={5},
  pages={1694--0814},
  year={2010}
}

@inproceedings{lavesson2009classifying,
  title={Classifying the severity of an acute coronary syndrome by mining patient data},
  author={Lavesson, Niklas and Halling, Anders and Freitag, Michael and Odeberg, Jacob and Odeberg, H{\aa}kan and Davidsson, Paul},
  booktitle={The Swedish AI Society Workshop May 27-28; 2009 IDA; Link{\"o}ping University},
  number={035},
  pages={55--63},
  year={2009},
  organization={Link{\"o}ping University Electronic Press}
}

@article{hartikainen1996distinction,
  title={Distinction between arrhythmic and nonarrhythmic death after acute myocardial infarction based on heart rate variability, signal-averaged electrocardiogram, ventricular arrhythmias and left ventricular ejection fraction},
  author={Hartikainen, Juha EK and Malik, Marek and Staunton, Anne and Poloniecki, Jan and Camm, A John},
  journal={Journal of the American College of Cardiology},
  volume={28},
  number={2},
  pages={296--304},
  year={1996},
  publisher={Elsevier}
}

@article{kaplan2011kaplan,
  title={Kaplanâ€™s Cardiac Anaesthesia: The ECHO Era},
  author={Kaplan, JA and Reich, David L and Savino, Joseph S},
  journal={Chapter},
  volume={20},
  pages={622--3},
  year={2011}
}

@book{muenke2015congenital,
  title={Congenital heart disease: molecular genetics, principles of diagnosis and treatment},
  author={Muenke, Maximilian and Kruszka, Paul S and Sable, Craig A and Belmont, John W},
  year={2015},
  publisher={Karger Medical and Scientific Publishers}
}

@article{bauer2014prevention,
  title={Prevention of chronic disease in the 21st century: elimination of the leading preventable causes of premature death and disability in the USA},
  author={Bauer, Ursula E and Briss, Peter A and Goodman, Richard A and Bowman, Barbara A},
  journal={The Lancet},
  volume={384},
  number={9937},
  pages={45--52},
  year={2014},
  publisher={Elsevier}
}

@article{richter1990chest,
  title={Chest pain with normal coronary arteries},
  author={Richter, Joel E and Bradley, Laurence A},
  journal={Digestive diseases and sciences},
  volume={35},
  number={12},
  pages={1441--1444},
  year={1990},
  publisher={Springer}
}

@article{purusothaman2015survey,
  title={A survey of data mining techniques on risk prediction: Heart disease},
  author={Purusothaman, G and Krishnakumari, P},
  journal={Indian Journal of Science and Technology},
  volume={8},
  number={12},
  year={2015}
}

@article{gale1995decreases,
  title={Decreases in the swelling and porosity of bituminous coals during devolatilization at high heating rates},
  author={Gale, Thomas K and Bartholomew, Calvin H and Fletcher, Thomas H},
  journal={Combustion and Flame},
  volume={100},
  number={1},
  pages={94--100},
  year={1995},
  publisher={Elsevier}
}

@phdthesis{sahaf2011comparing,
  title={Comparing sensor modalities for activity recognition},
  author={Sahaf, Yasamin},
  year={2011},
  school={Washington State University}
}

@inproceedings{palaniappan2008intelligent,
  title={Intelligent heart disease prediction system using data mining techniques},
  author={Palaniappan, Sellappan and Awang, Rafiah},
  booktitle={Computer Systems and Applications, 2008. AICCSA 2008. IEEE/ACS International Conference on},
  pages={108--115},
  year={2008},
  publishern={IEEE}
}

@article{platt1998sequential,
  title={Sequential minimal optimization: A fast algorithm for training support vector machines},
  author={Platt, John},
  year={1998}
}

@article{rajkumar2010diagnosis,
  title={Diagnosis of heart disease using datamining algorithm},
  author={Rajkumar, Asha and Reena, G Sophia},
  journal={Global journal of computer science and technology},
  volume={10},
  number={10},
  pages={38--43},
  year={2010}
}

@article{patil2009extraction,
  title={Extraction of significant patterns from heart disease warehouses for heart attack prediction},
  author={Patil, Shantakumar B and Kumaraswamy, YS},
  journal={IJCSNS},
  volume={9},
  number={2},
  pages={228--235},
  year={2009}
}

@article{sideman1985simulation,
  title={Simulation and Imaging of the Cardiac System},
  author={Sideman, Samuel and Beyar, Rafael},
  journal={State of the Heart. Martinus Nijhoff. The Hague},
  year={1985},
  volume={4},
  pages={112-118},
  publisher={Springer}
}

@inproceedings{srinivas2010analysis,
  title={Analysis of coronary heart disease and prediction of heart attack in coal mining regions using data mining techniques},
  author={Srinivas, K and Rao, G Raghavendra and Govardhan, A},
  booktitle={Computer Science and Education (ICCSE), 2010 5th International Conference on},
  volume={2},
  year={2010},
  pages={1344--1349},
  publisher={IEEE},
  url="http://ieeexplore.ieee.org/document/5593711"
}

@article{wang2005framingham,
  title={Is the Framingham coronary heart disease absolute risk function applicable to Aboriginal people?},
  author={Wang, Zhiqiang and Hoy, Wendy E},
  journal={Medical Journal of Australia},
  volume={182},
  number={2},
  pages={66--69},
  year={2005},
  publisher={Sydney, Australia: Australian Medical Association, 1914-}
}

@article{breiman2001random,
  title={Random forests},
  author={Breiman, Leo},
  journal={Machine learning},
  volume={45},
  number={1},
  pages={5--32},
  year={2001},
  publisher={Springer}
}

@inproceedings{mckinney2010data,
  title={Data structures for statistical computing in python},
  author={McKinney, Wes and others},
  booktitle={Proceedings of the 9th Python in Science Conference},
  volume={445},
  pages={51--56},
  year={2010},
  organization={SciPy Austin, TX}
}

@article{lee2011ire1,
  title={IRE1 plays an essential role in ER stress-mediated aggregation of mutant huntingtin via the inhibition of autophagy flux},
  author={Lee, Huikyong and Noh, Jee-Yeon and Oh, Yumin and Kim, Youngdoo and Chang, Jae-Woong and Chung, Chul-Woong and Lee, Soon-Tae and Kim, Manho and Ryu, Hoon and Jung, Yong-Keun},
  journal={Human molecular genetics},
  volume={21},
  number={1},
  pages={101--114},
  year={2011},
  publisher={Oxford University Press}
}
