@Article{peat2013,
  author    = {Peat, Maurice and others},
  title     = {Big data in finance},
  journal   = {InFinance: The Magazine for Finsia Members},
  year      = {2013},
  volume    = {127},
  number    = {1},
  pages     = {34},
  publisher = {Financial Services Institute of Australasia},
}

@article{daruvala2013advanced,
  title={How advanced analytics are redefining banking},
  author={Daruvala, Toos},
  journal={McKinsey \& Company, Interview, April},
  year={2013},
  volume    = {56},
  number    = {1},
  pages     = {34}
}

@Article{he2017fintech,
  author  = {He, Dong and Leckow, Ross and Haksar, Vikram and Mancini-Griffoli, Tommaso and Jenkinson, Nigel and Kashima, Mikari and Khiaonarong, Tanai and Rochon, C{\'e}line and Tourpe, Herv{\'e}},
  title   = {Fintech and Financial Services: Initial Considerations},
  journal = {International Monetary Fund Staff Discussion Note},
  year    = {2017},
  volume  = {17},
  number  = {5},
  pages = {44}
}

@article{gabor2017digital,
  title={The digital revolution in financial inclusion: international development in the fintech era},
  author={Gabor, Daniela and Brooks, Sally},
  journal={New Political Economy},
  volume={22},
  number={4},
  pages={423--436},
  year={2017},
  publisher={Taylor \& Francis}
}


