@Inbook{editor00,
  author = 	 "",
  editor =       "Ian Editor",
  title =        "The title of book one",
  subtitle =     "The book subtitle",
  series =       "The name of the series one",
  year =         "2007",
  volume = 	 "9",
  address =      "Chicago",
  edition =      "1st.",
  publisher =    "University of Chicago Press",
  doi = 	 "10.1007/3-540-09237-4",
  url = 	 "http://dx.doi.org/10.1007/3-540-09456-9",
  chapter = 	 "",
  pages = 	 "",
  number = 	 "",
  type = 	 "",
  month = 	 "",
  note = 	 "",
}

@Article{murdoch2013inevitable,
  author    = {Murdoch, Travis B and Detsky, Allan S},
  title     = {The inevitable application of big data to health care},
  journal   = {Jama},
  year      = {2013},
  volume    = {309},
  number    = {13},
  pages     = {1351--1352},
  publisher = {American Medical Association},
}

@Article{adams,
  author    = {Adams, Jill U},
  title     = {Genetics: big hopes for big data},
  journal   = {Nature},
  year      = {2015},
  volume    = {527},
  number    = {7578},
  pages     = {S108--S109},
  publisher = {Nature Research},
}

@Article{bottles2014,
  author    = {Bottles, Kent and Begoli, Edmon},
  title     = {Understanding the pros and cons of big data analytics},
  journal   = {Physician executive},
  year      = {2014},
  volume    = {40},
  number    = {4},
  pages     = {6},
  publisher = {American Association for Physician Leadership},
}

@Article{clare2016,
  author    = {Clare, Susan E and Shaw, Pamela L},
  title     = {“Big Data” for Breast Cancer: Where to look and what you will find},
  journal   = {NPJ breast cancer},
  year      = {2016},
  volume    = {2},
  publisher = {NIH Public Access},
}

@Article{savage2014,
  author    = {Savage, Neil},
  title     = {Bioinformatics: big data versus the big C},
  journal   = {Nature},
  year      = {2014},
  volume    = {509},
  number    = {7502},
  pages     = {S66--S67},
  publisher = {Nature Research},
}

@Article{ye2016,
  author    = {Ye, Zhan and Tafti, Ahmad P and He, Karen Y and Wang, Kai and He, Max M},
  title     = {Sparktext: Biomedical text mining on big data framework},
  journal   = {PloS one},
  year      = {2016},
  volume    = {11},
  number    = {9},
  pages     = {e0162721},
  publisher = {Public Library of Science},
}

@Book{cavalli1999,
  title     = {The genetics of human populations},
  publisher = {Courier Corporation},
  year      = {1999},
  author    = {Cavalli-Sforza, Luigi Luca and Bodmer, Walter Fred},
}

@Article{hiatt1999new,
  author    = {Hiatt, Robert A and Rimer, Barbara K},
  title     = {A new strategy for cancer control research},
  journal   = {Cancer Epidemiology and Prevention Biomarkers},
  year      = {1999},
  volume    = {8},
  number    = {11},
  pages     = {957--964},
  publisher = {AACR},
}

@Article{breiman1996bagging,
  author    = {Breiman, Leo},
  title     = {Bagging predictors},
  journal   = {Machine learning},
  year      = {1996},
  volume    = {24},
  number    = {2},
  pages     = {123--140},
  publisher = {Springer},
}

@Article{wamba2015big,
  author    = {Wamba, Samuel Fosso and Akter, Shahriar and Edwards, Andrew and Chopin, Geoffrey and Gnanzou, Denis},
  title     = {How ‘big data’can make big impact: Findings from a systematic review and a longitudinal case study},
  journal   = {International Journal of Production Economics},
  year      = {2015},
  volume    = {165},
  pages     = {234--246},
  publisher = {Elsevier},
}

@Article{vir,
  author  = {Virginia Powers},
  title   = {Big Data May Guide Future Treatment Decisions},
  journal = {onclive},
  year    = {2017},
  url     = {http://www.onclive.com/conference-coverage/st-gallen-2017/big-data-may-guide-future-treatment-decisions},
}
